% This file was created with JabRef 2.10b2.
% Encoding: UTF-8


@Article{Wright2009,
  Title                    = {Robust Face Recognition via Sparse Representation},
  Author                   = {Wright, J. and Yang, A.Y. and Ganesh, A. and Sastry, S.S. and Yi Ma},
  Journal                  = {Pattern Analysis and Machine Intelligence, IEEE Transactions on},
  Year                     = {2009},

  Month                    = {Feb},
  Number                   = {2},
  Pages                    = {210-227},
  Volume                   = {31},

  Doi                      = {10.1109/TPAMI.2008.79},
  ISSN                     = {0162-8828},
  Keywords                 = {face recognition;feature extraction;lightning;object recognition;random processes;regression analysis;signal representation;Laplacianfaces;downsampled images;eigenfaces;feature extraction;illumination;image-based object recognition;multiple linear regression model;occlusion;random projections;robust face recognition;sparse signal representation;Classification algorithms;Face recognition;Feature extraction;Humans;Image recognition;Lighting;Linear regression;Object recognition;Robustness;Signal representations;Classifier design and evaluation;Face and gesture recognition;Face recognition;Feature evaluation and selection;Occlusion;Outlier rejection;Spare representation;compressed sensing;ell^{1}--minimization;feature extraction;occlusion and corruption;sparse representation;validation and outlier rejection.;Algorithms;Artificial Intelligence;Biometry;Cluster Analysis;Face;Humans;Image Enhancement;Image Interpretation, Computer-Assisted;Pattern Recognition, Automated;Reproducibility of Results;Sensitivity and Specificity;Subtraction Technique}
}

